%HERE'S HOW TO COMPILE AND MAKE THE REFERENCES SHOW UP IN THE CORRECT ORDER
%DO NOT USE \protect TO INCLUDE CITATIONS IN FIGURE CAPTIONS, AS THIS SCREWS THINGS UP
%http://tex.stackexchange.com/questions/166174/bibliographystyle-unsrt-not-working
%
%Write your bibliography in a separate .bib file using the appropriate BibTeX entry format.
%Compile filename.tex once (in order to obtain a correct/current .aux).
%Run bibtex filename (in order to obtain a correct/current .bbl).
%Compile filename.tex again (in order to include the correct/current .bbl).




@ARTICLE{Grosz_and_Sidner_1986,
  author = {Barbara Grosz and Candace Sidner},
  title = {Attention, intention, and the structure of discourse},
  journal = {Computational Linguistics},
  year = {1986},
  volume = {12},
  pages = {175-204},
  number = {3},
  month = {July-September}
}

@article{MBDetectorPaper,
      author         = "Aguilar-Arevalo, A. A. and others",
      title          = "{The MiniBooNE Detector}",
      collaboration  = "MiniBooNE",
      journal        = "Nucl. Instrum. Meth.",
      volume         = "A599",
      year           = "2009",
      pages          = "28-46",
      doi            = "10.1016/j.nima.2008.10.028",
      eprint         = "0806.4201",
      archivePrefix  = "arXiv",
      primaryClass   = "hep-ex",
      reportNumber   = "FERMILAB-PUB-08-210",
      SLACcitation   = "%%CITATION = ARXIV:0806.4201;%%"
}

@article{MBLEEPaper,
      author         = "Aguilar-Arevalo, A. A. and others",
      title          = "{Unexplained Excess of Electron-Like Events From a 1-GeV
                        Neutrino Beam}",
      collaboration  = "MiniBooNE",
      journal        = "Phys. Rev. Lett.",
      volume         = "102",
      year           = "2009",
      pages          = "101802",
      doi            = "10.1103/PhysRevLett.102.101802",
      eprint         = "0812.2243",
      archivePrefix  = "arXiv",
      primaryClass   = "hep-ex",
      reportNumber   = "FERMILAB-PUB-08-570, LA-UR-08-07142",
      SLACcitation   = "%%CITATION = ARXIV:0812.2243;%%"
}

@article{GeorgiaThesis,
	author = "G. Karagiorgi",
	title = "Searches for New Physics at MiniBooNE: Sterile Neutrinos and Mixing Freedom",
	collaboration = "MiniBooNE",
	year = "2010"
}

@article{GaryThesis,
      author = "G. Cheng",
      title = "Precision Search for Muon Antineutrino Disappearance Oscillations Using a Dual Baseline Technique",
      collaboration = "SciBooNE, MiniBooNE",
      year = "2013"
}

@article{LSNDPaper,
      author         = "Aguilar-Arevalo, A. and others",
      title          = "{Evidence for neutrino oscillations from the observation
                        of anti-neutrino(electron) appearance in a
                        anti-neutrino(muon) beam}",
      collaboration  = "LSND",
      journal        = "Phys. Rev.",
      volume         = "D64",
      year           = "2001",
      pages          = "112007",
      doi            = "10.1103/PhysRevD.64.112007",
      eprint         = "hep-ex/0104049",
      archivePrefix  = "arXiv",
      primaryClass   = "hep-ex",
      SLACcitation   = "%%CITATION = HEP-EX/0104049;%%"
}

@article{UBTDR,
	title = "The MicroBooNE Technical Design Report",
	collaboration = "MicroBooNE",
	year = "2012",
	url = "http://www-microboone.fnal.gov/publications/TDRCD3.pdf"
}

@inproceedings{MBLEESourcesOverview,
      author         = "Schwetz, Thomas",
      title          = "{The LSND puzzle in the light of MiniBooNE results}",
      booktitle      = "{Proceedings, 43rd Rencontres de Moriond on Electroweak
                        Interactions and Unified Theories: La Thuile, Italy, March
                        1-8, 2008}",
      url            = "https://inspirehep.net/record/785802/files/arXiv:0805.2234.pdf",
      year           = "2008",
      eprint         = "0805.2234",
      archivePrefix  = "arXiv",
      primaryClass   = "hep-ph",
      reportNumber   = "CERN-PH-TH-2008-105",
      SLACcitation   = "%%CITATION = ARXIV:0805.2234;%%"
}

@misc{MB_lee_datarelease,
author         = "Aguilar-Arevalo, A. A. and others",
title          = "{Unexplained Excess of Electron-Like Events From a 1-GeV
                        Neutrino Beam (Data Release)}",
collaboration  = "MiniBooNE",
url = "http://www-boone.fnal.gov/for_physicists/data_release/lowe/"
}

@article{SBNproposal,
      author         = "Antonello, M. and others",
      title          = "{A Proposal for a Three Detector Short-Baseline Neutrino
                        Oscillation Program in the Fermilab Booster Neutrino
                        Beam}",
      collaboration  = "LAr1-ND, ICARUS-WA104, MicroBooNE",
      year           = "2015",
      eprint         = "1503.01520",
      archivePrefix  = "arXiv",
      primaryClass   = "physics.ins-det",
      SLACcitation   = "%%CITATION = ARXIV:1503.01520;%%"
}

@article{GENIEsource,
      author         = "Andreopoulos, Costas and Barry, Christopher and Dytman,
                        Steve and Gallagher, Hugh and Golan, Tomasz and Hatcher,
                        Robert and Perdue, Gabriel and Yarba, Julia",
      title          = "{The GENIE Neutrino Monte Carlo Generator: Physics and
                        User Manual}",
      year           = "2015",
      eprint         = "1510.05494",
      archivePrefix  = "arXiv",
      primaryClass   = "hep-ph",
      reportNumber   = "FERMILAB-FN-1004-CD",
      SLACcitation   = "%%CITATION = ARXIV:1510.05494;%%"
}

@article{CORSIKAsource,
      author         = "Heck, D. and Schatz, G. and Thouw, T. and Knapp, J. and
                        Capdevielle, J. N.",
      title          = "{CORSIKA: A Monte Carlo code to simulate extensive air
                        showers}",
      year           = "1998",
      reportNumber   = "FZKA-6019",
      SLACcitation   = "%%CITATION = FZKA-6019;%%"
}

@article{GEANT4source,
      author         = "Agostinelli, S. and others",
      title          = "{GEANT4: A Simulation toolkit}",
      collaboration  = "GEANT4",
      journal        = "Nucl. Instrum. Meth.",
      volume         = "A506",
      year           = "2003",
      pages          = "250-303",
      doi            = "10.1016/S0168-9002(03)01368-8",
      reportNumber   = "SLAC-PUB-9350, FERMILAB-PUB-03-339",
      SLACcitation   = "%%CITATION = NUIMA,A506,250;%%"
}

@article{NUANCEsource,
      author         = "Casper, D.",
      title          = "{The Nuance neutrino physics simulation, and the future}",
      booktitle      = "{Proceedings, 1st International Workshop on
                        Neutrino-nucleus interactions in the few GeV region (NuInt
                        01): Tsukuba, Japan, December 13-16, 2001}",
      journal        = "Nucl. Phys. Proc. Suppl.",
      volume         = "112",
      year           = "2002",
      pages          = "161-170",
      doi            = "10.1016/S0920-5632(02)01756-5",
      note           = "[,161(2002)]",
      eprint         = "hep-ph/0208030",
      archivePrefix  = "arXiv",
      primaryClass   = "hep-ph",
      SLACcitation   = "%%CITATION = HEP-PH/0208030;%%"
}

@article{ROOFITsource,
      author         = "Verkerke, Wouter and Kirkby, David P.",
      title          = "{The RooFit toolkit for data modeling}",
      booktitle      = "{Statistical Problems in Particle Physics, Astrophysics
                        and Cosmology (PHYSTAT 05): Proceedings, Oxford, UK,
                        September 12-15, 2005}",
      journal        = "eConf",
      volume         = "C0303241",
      year           = "2003",
      pages          = "MOLT007",
      note           = "[,186(2003)]",
      eprint         = "physics/0306116",
      archivePrefix  = "arXiv",
      primaryClass   = "physics",
      reportNumber   = "CHEP-2003-MOLT007",
      SLACcitation   = "%%CITATION = PHYSICS/0306116;%%"
}

@article{ICARUS_showereff_source,
      author         = "Ankowski, A. and others",
      title          = "{Energy reconstruction of electromagnetic showers from
                        pi0 decays with the ICARUS T600 Liquid Argon TPC}",
      collaboration  = "ICARUS",
      journal        = "Acta Phys. Polon.",
      volume         = "B41",
      year           = "2010",
      pages          = "103-125",
      eprint         = "0812.2373",
      archivePrefix  = "arXiv",
      primaryClass   = "hep-ex",
      SLACcitation   = "%%CITATION = ARXIV:0812.2373;%%"
}

@article{UBDetectorPaper,
      author         = "Acciarri, R. and others",
      title          = "{Design and Construction of the MicroBooNE Detector}",
      collaboration  = "MicroBooNE",
      journal        = "Submitted to: JINST",
      year           = "2016",
      eprint         = "1612.05824",
      archivePrefix  = "arXiv",
      primaryClass   = "physics.ins-det",
      reportNumber   = "FERMILAB-PUB-16-613-ND",
      SLACcitation   = "%%CITATION = ARXIV:1612.05824;%%"
}

@article{JocelynMonroeThesis,
author = "Jocelyn Monroe",
title = "A Combined numu and nue Oscillation Search at MiniBooNE",
collaboration = "MiniBooNE",
url = "https://www-boone.fnal.gov/publications/Papers/jrmonroe_thesis.pdf"}


@article{gary_kaon_production_paper,
      author         = "Cheng, G. and others",
      title          = "{Measurement of $K^+$ production cross section by 8 GeV
                        protons using high energy neutrino interactions in the
                        SciBooNE detector}",
      collaboration  = "SciBooNE",
      journal        = "Phys. Rev.",
      volume         = "D84",
      year           = "2011",
      pages          = "012009",
      doi            = "10.1103/PhysRevD.84.012009",
      eprint         = "1105.2871",
      archivePrefix  = "arXiv",
      primaryClass   = "hep-ex",
      reportNumber   = "FERMILAB-PUB-11-221-PPD",
      SLACcitation   = "%%CITATION = ARXIV:1105.2871;%%"
}

@article{pandora_paper,
      author         = "Marshall, J. S. and Thomson, M. A.",
      title          = "{The Pandora Software Development Kit for Pattern
                        Recognition}",
      journal        = "Eur. Phys. J.",
      volume         = "C75",
      year           = "2015",
      number         = "9",
      pages          = "439",
      doi            = "10.1140/epjc/s10052-015-3659-3",
      eprint         = "1506.05348",
      archivePrefix  = "arXiv",
      primaryClass   = "physics.data-an",
      SLACcitation   = "%%CITATION = ARXIV:1506.05348;%%"
}

@article{SCE_publicnote,
  author = "R.~Acciarri {\it et al.}",
  collaboration = "MicroBooNE",
  title = "{Study of Space Charge Effects in MicroBooNE}",
  url = "www-microboone.fnal.gov/publications/publicnotes/MICROBOONE-NOTE-1018-PUB.pdf"
}

@article{MIPenergysource,
  author = "D. E. Groom, N. V. Mokhov and S. Striganov",
  title = "{Muon Stopping Power and Range Tables: 10 MeV - 100 TeV, Table 5}",
  url = "http://pdg.lbl.gov/2012/AtomicNuclearProperties/adndt.pdf"
}

@article{SanfordWangGary7,
author = "J. R. Sanford and C. L. Wang",
year = "1967",
journal = "BNL Internal Note No, 11299"}

@article{HARPgary8,
author = "M. G. Catanesi et al.",
title = "{Measurements of the production cross-section of positive pions in the collision of 8.9 GeV/c protons on beryllium}",
year = "2007",
journal = "Eur. Phys. J.",
volume = "C52:29-53"}

@article{FEYNMANgary6,
      author         = "Mariani, C. and Cheng, G. and Conrad, J. M. and Shaevitz,
                        M. H.",
      title          = "{Improved Parameterization of $K^+$ Production in p-Be
                        Collisions at Low Energy Using Feynman Scaling}",
      journal        = "Phys. Rev.",
      volume         = "D84",
      year           = "2011",
      pages          = "114021",
      doi            = "10.1103/PhysRevD.84.114021",
      eprint         = "1110.0417",
      archivePrefix  = "arXiv",
      primaryClass   = "hep-ex",
      SLACcitation   = "%%CITATION = ARXIV:1110.0417;%%"
}

@article{MBFluxPaper,
      author         = "Aguilar-Arevalo, A. A. and others",
      title          = "{The Neutrino Flux prediction at MiniBooNE}",
      collaboration  = "MiniBooNE",
      journal        = "Phys. Rev.",
      volume         = "D79",
      year           = "2009",
      pages          = "072002",
      doi            = "10.1103/PhysRevD.79.072002",
      eprint         = "0806.1449",
      archivePrefix  = "arXiv",
      primaryClass   = "hep-ex",
      reportNumber   = "FERMILAB-PUB-08-161-AD-E",
      SLACcitation   = "%%CITATION = ARXIV:0806.1449;%%"
}

@article{E910source,
      author         = "Chemakin, I. and others",
      title          = "{Centrality dependence of pi- production and stopping in
                        p - A collisions at 18-GeV/c}",
      collaboration  = "BNL-E-910",
      journal        = "Submitted to: Phys. Rev. Lett",
      year           = "1999",
      eprint         = "nucl-ex/9902009",
      archivePrefix  = "arXiv",
      primaryClass   = "nucl-ex",
      reportNumber   = "UCRL-JC-133113",
      SLACcitation   = "%%CITATION = NUCL-EX/9902009;%%"
}

@article{MicroBooNEProposal,
      author = "H. Chen and others",
      title = "{A Proposal for a New Experiment Using the Booster and NuMI Neutrino Beamlines: MicroBooNE}",
      collaboration = "MicroBooNE",
      url = "http://www-microboone.fnal.gov/public/MicroBooNE_10152007.pdf"
}

@article{ChadwickSource,
      author        = "Chadwick, J",
      title         = "{Intensitätsverteilung im magnetischen Spectrum der
                       $\beta$-Strahlen von radium B + C}",
      journal       = "Verhandl. Dtsc. Phys. Ges.",
      volume        = "16",
      pages         = "383",
      year          = "1914",
      url           = "http://cds.cern.ch/record/262756",
}

@article{PauliLetter,
      author = "W. Pauli",
      title = "Open letter to the group of radioactive people at the Gauverein meeting in Tubingen",
      year = "1930"
}

@article{ZDecayWidthsource,
      author         = "Schael, S. and others",
      title          = "{Precision electroweak measurements on the $Z$
                        resonance}",
      collaboration  = "SLD Electroweak Group, DELPHI, ALEPH, SLD, SLD Heavy
                        Flavour Group, OPAL, LEP Electroweak Working Group, L3",
      journal        = "Phys. Rept.",
      volume         = "427",
      year           = "2006",
      pages          = "257-454",
      doi            = "10.1016/j.physrep.2005.12.006",
      eprint         = "hep-ex/0509008",
      archivePrefix  = "arXiv",
      primaryClass   = "hep-ex",
      reportNumber   = "SLAC-R-774",
      SLACcitation   = "%%CITATION = HEP-EX/0509008;%%"
}

@article{KamiokandeOscsource,
      author         = "Fukuda, Y. and others",
      title          = "{Evidence for oscillation of atmospheric neutrinos}",
      collaboration  = "Super-Kamiokande",
      journal        = "Phys. Rev. Lett.",
      volume         = "81",
      year           = "1998",
      pages          = "1562-1567",
      doi            = "10.1103/PhysRevLett.81.1562",
      eprint         = "hep-ex/9807003",
      archivePrefix  = "arXiv",
      primaryClass   = "hep-ex",
      reportNumber   = "BU-98-17, ICRR-REPORT-422-98-18, UCI-98-8,
                        KEK-PREPRINT-98-95, LSU-HEPA-5-98, UMD-98-003, SBHEP-98-5,
                        TKU-PAP-98-06, TIT-HPE-98-09",
      SLACcitation   = "%%CITATION = HEP-EX/9807003;%%"
}

@article{SNOOscsource,
  title = {Measurement of the Rate of ${\ensuremath{\nu}}_{e}+\mathit{d}\ensuremath{\rightarrow}\mathit{p}+\mathit{p}+{\mathit{e}}^{\ensuremath{-}}$ Interactions Produced by $^{8}B$ Solar Neutrinos at the Sudbury Neutrino Observatory},
  author = {Ahmad, Q. R. and others.},
  collaboration = {SNO Collaboration},
  journal = {Phys. Rev. Lett.},
  volume = {87},
  issue = {7},
  pages = {071301},
  numpages = {6},
  year = {2001},
  month = {Jul},
  publisher = {American Physical Society},
  doi = {10.1103/PhysRevLett.87.071301},
  url = {http://link.aps.org/doi/10.1103/PhysRevLett.87.071301}
}

@article{HierarchyFigsource,
      author         = "Qian, X. and Vogel, P.",
      title          = "{Neutrino Mass Hierarchy}",
      journal        = "Prog. Part. Nucl. Phys.",
      volume         = "83",
      year           = "2015",
      pages          = "1-30",
      doi            = "10.1016/j.ppnp.2015.05.002",
      eprint         = "1505.01891",
      archivePrefix  = "arXiv",
      primaryClass   = "hep-ex",
      reportNumber   = "BNL-108037-2015-JA",
      SLACcitation   = "%%CITATION = ARXIV:1505.01891;%%"
}

@article{KAMLANDsource,
      author         = "Abe, S. and others",
      title          = "{Precision Measurement of Neutrino Oscillation Parameters
                        with KamLAND}",
      collaboration  = "KamLAND",
      journal        = "Phys. Rev. Lett.",
      volume         = "100",
      year           = "2008",
      pages          = "221803",
      doi            = "10.1103/PhysRevLett.100.221803",
      eprint         = "0801.4589",
      archivePrefix  = "arXiv",
      primaryClass   = "hep-ex",
      SLACcitation   = "%%CITATION = ARXIV:0801.4589;%%"
}


@article{UBCNNsource,
      author         = "Acciarri, R. and others",
      title          = "{Convolutional Neural Networks Applied to Neutrino Events
                        in a Liquid Argon Time Projection Chamber}",
      collaboration  = "MicroBooNE",
      journal        = "Submitted to: JINST",
      year           = "2016",
      eprint         = "1611.05531",
      archivePrefix  = "arXiv",
      primaryClass   = "physics.ins-det",
      reportNumber   = "FERMILAB-PUB-16-538-ND",
      SLACcitation   = "%%CITATION = ARXIV:1611.05531;%%"
}


%MCS PAPER BIB ITEMS

  @article{Aguilar-Arevalo:2013pmq,
  author = "A.~A.~Aguilar-Arevalo {\it et al.}",
  collaboration = "MiniBooNE",
  title = "{Improved Search for $\bar \nu_\mu \rightarrow \bar \nu_e$ Oscillations in the MiniBooNE Experiment}",
  journal = "{Phys.\ Rev.\ Lett.\  {\bf 110}, 161801 (2013).}",
  archivePrefix = "arXiv",
  eprint = "1207.4809, 1303.2588"
  }


@article{SBNwhitepaper,
  author = "{C.~Adams {\it et al.}}",
  collaboration = "LArTPC",
  title = "{LAr1-ND: Testing Neutrino Anomalies with Multiple LArTPC Detectors at Fermilab}",
  archivePrefix = "arXiv",
  eprint = "1309.7987"
  }

 @article{ICARUS_maincitation,
  author = "F.~Arneodo {\it et al.}",
  collaboration = "ICARUS",
  title = "{The ICARUS experiment: A Second generation proton decay experiment and neutrino observatory at the Gran Sasso Laboratory}",
  archivePrefix = "arXiv",
  eprint = "hep-ex/0103008"
  }

  @article{DUNE_citation,
  author = "R.~Acciarri {\it et al.}",
  collaboration = "DUNE",
  title = "{Long-Baseline Neutrino Facility (LBNF) and Deep Underground Neutrino Experiment (DUNE) : Volume 1: The LBNF and DUNE Projects}",
  archivePrefix = "arXiv",
  eprint = "1601.05471 [physics.ins-det]"
  }

  @article{ub_detectorpaper,
  author = "R.~Acciarri {\it et al.}",
  collaboration = "MicroBooNE",
  title = "{Design and Construction of the MicroBooNE Detector}",
  archivePrefix = "arXiv",
  eprint = "1612.05824 [physics.ins-det]"
  }

  @article{BNB_citation,
  author = "A.~A.~Aguilar-Arevalo {\it et al.}",
  collaboration = "MiniBooNE",
  title = "{The Neutrino Flux prediction at MiniBooNE}",
  journal = "Phys.\ Rev.\ D {\bf 79}, 072002",
  year = "2009",
  archivePrefix = "arXiv",
  eprint = "0806.1449 [hep-ex]]"
  }

  @article{highland,
  author = "V. ~L. ~Highland",
  title = "{Some Practical Remarks on Multiple Scattering}",
  journal = "Nucl.\ Instrum.\ Methods\ {\bf 129}",
  year = "1975"
  } 
   
  @article{highland-lynch-dahl,
  author = "G. R. Lynch and O. I. Dahl",
  journal = "Nucl.\ Instrum.\ Methods\, Section B (Beam Interactions with Materials and Atoms) {\bf B58, 6}",
  year = "1991"
  } 

 @article{DONUT_paper,
  author = "K.~Kodama {\it et al.}",
  collaboration = "DONUT",
  title = "{Observation of tau neutrino interactions}",
  journal = "Phys.\ Lett.\ B {\bf 504}, 218",
  year = "2001",
  archivePrefix = "arXiv",
  eprint = "hep-ex/0012035"
  }

  @article{OPERA_paper,
  author = "N.~Agafonova {\it et al.}",
  collaboration = "OPERA",
  title = "{Momentum measurement by the Multiple Coulomb Scattering method in the OPERA lead emulsion target}",
  journal = "New J.\ Phys.\  {\bf 14}, 013026",
  year = "2012",
  archivePrefix = "arXiv",
  eprint = "1106.6211 [physics.ins-det]"
  }

 
  @article{MACRO_paper,
  author = "G.~Giacomelli",
  collaboration = "MACRO",
  title = "{Neutrino physics and astrophysics with the MACRO experiment at the Gran Sasso lab}",
  journal = "Braz.\ J.\ Phys.\  {\bf 33}, 211",
  year = "2003",
  archivePrefix = "arXiv",
  eprint = "hep-ex/0210006"
  }

  @article{icarus_mcs_paper,
  author = "A.~Ankowski {\it et al.}",
  collaboration = "ICARUS",
  title = "{Measurement of through-going particle momentum by means of multiple scattering with the ICARUS T600 TPC}",
  journal = "Eur.\ Phys.\ J.\ C {\bf 48}, 667",
  year = "2006",
  archivePrefix = "arXiv",
  eprint = "hep-ex/0606006"
  }

  @article{new_icarus_paper,
  author = "M.~Antonello {\it et al.}",
  collaboration = "ICARUS",
  title = "{Muon momentum measurement in ICARUS-T600 LAr-TPC via multiple scattering in few-GeV range}",
  archivePrefix = "arXiv",
  eprint = "1612.07715 [physics.ins-det]"
  }


  @article{GEANT4_citation,
  author = "S. Agostinelliet al.",
  journal = "Nucl.\ Instrum.\ Methods Phys.\ Res.\ {\bf A506250-303}",
  year = "2003"
  }


  @article{LARIAT_citation,
  author = "F.~Cavanna {\it et al.}",
  collaboration = "LArIAT",
  title = "{LArIAT: Liquid Argon In A Testbeam}",
  archivePrefix = "arXiv",
  eprint = "1406.5560 [physics.ins-det]"
  }

  @article{Marshall:2015rfa,
  author = "J.~S.~Marshall and M.~A.~Thomson",
  title = "{The Pandora Software Development Kit for Pattern Recognition}",
  journal = "Eur.\ Phys.\ J.\ C {\bf 75}, no. 9, 439",
  year = "2015",
  archivePrefix = "arXiv",
  eprint = "1506.05348 [physics.data-an]"
  }

  @article{stoppingpowersource,
  author = "H. Bichsel, D. E. Groom, S.R. Klein", 
  title = "{Passage of Particles Through Matter} PDG Chapter 27, Figure 27.1",
  url = "{http://pdg.lbl.gov/2005/reviews/passagerpp.pdf}"
  }

  @article{PDG_spline_table,
  title = "Muons in Liquid argon (Ar) Table 289",
  url = "{http://pdg.lbl.gov/2012/AtomicNuclearProperties/MUON_ELOSS_TABLES/muonloss_289.pdf}"
  }

  @article{NISTdata,
  title = "{Stopping Powers and Ranges for Protons and Alpha Particles}",
  journal = "ICRU Report No. 49",
  year = "1993",
  url = "{http://physics.nist.gov/PhysRefData/}"
  }

  @article{corsika_ref,
   author = "D. Heck, J. Knapp, {\it et al.}",
   title = "{CORSIKA: A Monte Carlo Code to Simulate Extensive Air Showers}",
   journal = "Forschungszentrum Karlsruhe Report FZKA 6019",
   year = "1998"
   }

   @article{MB_numueff_source,
      author         = "Aguilar-Arevalo, A. A. and others",
      title          = "{First Measurement of the Muon Neutrino Charged Current
                        Quasielastic Double Differential Cross Section}",
      collaboration  = "MiniBooNE",
      journal        = "Phys. Rev.",
      volume         = "D81",
      year           = "2010",
      pages          = "092005",
      doi            = "10.1103/PhysRevD.81.092005",
      eprint         = "1002.2680",
      archivePrefix  = "arXiv",
      primaryClass   = "hep-ex",
      reportNumber   = "FERMILAB-PUB-10-046-E",
      SLACcitation   = "%%CITATION = ARXIV:1002.2680;%%"
  }

  @article{MB_nueeff_source,
      author         = "Aguilar-Arevalo, A. A. and others",
      title          = "{A Search for electron neutrino appearance at the $\Delta
                        m^{2} \sim 1$eV$^{2}$ scale}",
      collaboration  = "MiniBooNE",
      journal        = "Phys. Rev. Lett.",
      volume         = "98",
      year           = "2007",
      pages          = "231801",
      doi            = "10.1103/PhysRevLett.98.231801",
      eprint         = "0704.1500",
      archivePrefix  = "arXiv",
      primaryClass   = "hep-ex",
      reportNumber   = "FERMILAB-PUB-07-085-E, LA-UR-07-2246",
      SLACcitation   = "%%CITATION = ARXIV:0704.1500;%%"
  }

